

@InProceedings{Mortveit:20b,
  author    = {Mortveit, Henning S. and Swarup, Samarth},
  title     = {Live Simulations},
  booktitle = {Proceedings of the 19th International Conference on Autonomous Agents and Multiagent Systems (AAMAS 2020), January 2020},
  year      = {2020},
  pages     = {1721--1725},
  publisher = {International Foundation for Autonomous Agents and Multiagent Systems},
  isbn      = {9781450375184},
  note      = {Honorable mention award},
  editors   = {An, B. and Yorke-Smith, N. and El Fallah Seghrouchni, A. and Sukthankar, G.},
  file      = {:/Users/henning/HSM/Bibliography-Archive/Live-Simulations-AAMAS-2020.pdf:PDF},
  location  = {Auckland, New Zealand},
  doi       = {https://dl.acm.org/doi/abs/10.5555/3398761.3398961},
  url       = {http://www.ifaamas.org/Proceedings/aamas2020/pdfs/p1721.pdf},
}
